<?xml version="1.0" encoding="UTF-8"?><collection xmlns="http://www.loc.gov/MARC21/slim"><record><leader>00361nam--2200133-i-4500</leader><controlfield tag="001">000018489</controlfield><controlfield tag="002">20161230</controlfield><controlfield tag="005">20161230201032</controlfield><controlfield tag="008">060222s1000------------r-----000-0-eng-d</controlfield><datafield ind1=" " ind2=" " tag="245"><subfield code="a">Chemical processing of reactor fuels</subfield></datafield><datafield ind1=" " ind2=" " tag="260"><subfield code="a">New York, Academic Press, 1961.   Xi + 530 P</subfield></datafield><datafield ind1=" " ind2=" " tag="490"><subfield code="a">Nuclear Science And Tehnology</subfield></datafield><datafield ind1=" " ind2=" " tag="700"><subfield code="a">Flagg, John F</subfield></datafield><datafield ind1=" " ind2=" " tag="852"><subfield code="a">17084</subfield></datafield></record></collection>